2536 4554
610 295 658 367 W

102 481 295 576 Thucydides
329 481 492 560 periphrasi
531 502 612 563 saepe

146 572 253 634 utitur,
268 567 317 633 55,
331 564 545 640 paronomasia,
572 573 613 635 47

106 827 116 859 ι
130 809 161 861 et
176 827 203 873 η,
218 801 269 875 69,
290 813 320 864 et
337 727 368 879 al
379 813 418 866 38

105 883 274 960 Inscriptio,
296 884 336 957 69

105 962 250 1034 Julianus,
264 972 304 1034 37

108 1201 259 1275 Caecilius,
281 1207 323 1264 44

109 1285 156 1340 καί
170 1291 200 1341 et
215 1307 254 1353 κε,
275 1283 317 1345 26

108 1363 257 1427 Καικίλιος
270 1374 300 1424 et
314 1369 448 1437 κάκεῖνος,
468 1373 519 1441 44,
535 1374 575 1427 54

107 1445 204 1503 καινὸς
222 1453 252 1502 et
267 1448 363 1517 κοινάς,
385 1456 424 1508 38

109 1534 209 1583 καινῶς
218 1533 248 1585 et
258 1528 456 1608 κάκοίνως,’,20

109 1609 184 1663 καλὰ
198 1613 228 1664 et
243 1611 329 1680 κῶλα,
350 1615 390 1675 50

110 1685 263 1758 Carcinus,
285 1695 327 1747 44

110 1763 314 1839 Cassiollorus,
335 1775 376 1838 74

111 1869 142 1904 κε
155 1853 184 1903 et
200 1850 255 1918 rui,
277 1847 318 1910 26

111 1927 200 1985 κοινὸς
214 1936 244 1986 et
258 1929 360 2000 καινάς,
382 1936 421 1989 38

112 2008 283 2084 Composita
298 2031 366 2068 cum
381 2021 473 2082 νῆσος,
495 2016 534 2077 78

113 2087 322 2160 Quintilianus,
338 2098 388 2160 54,
403 2089 442 2153 63

113 2172 230 2244 κρίθινος
243 2169 463 2243 Demosthenes,
486 2178 525 2232 54

113 2252 190 2306 κῶλα
203 2256 233 2308 et
245 2253 328 2322 καλὰ,
349 2258 391 2312 50

111 2490 220 2568 λείχ,
244 2496 291 2562 17,
313 2501 344 2552 et
356 2518 388 2572 ρ,
405 2499 454 2563 54,
475 2499 506 2551 et
520 2515 547 2566 ν,
561 2489 602 2552 44

111 2571 199 2642 λέγω,
220 2567 261 2628 46

112 2652 216 2722 λέγων,
231 2647 302 2721 οἷον,
324 2649 364 2720 67

112 2733 185 2800 λέξις
199 2739 228 2789 et
240 2737 320 2809 μίξις,
336 2741 376 2794 54

113 2808 264 2882 Libanius,
285 2822 336 2885 31,
350 2811 401 2883 46,
417 2817 455 2871 52

113 2888 224 2966 Lydus,
245 2889 285 2951 36

113 2969 220 3048 Lysias,
242 2975 280 3034 25

350 3052 384 3111 M

111 3136 344 3209 mmm.

113 3212 234 3269 Manuel
246 3212 452 3291 Palaelologus,
461 3221 510 3288 27,
520 3212 568 3286 68,
579 3222 619 3286 79

112 3291 256 3361 Marinus,
279 3299 320 3357 27

113 3371 263 3429 Maximus
292 3368 436 3429 Planudes
462 3372 618 3435 Testimon.

155 3470 177 3507 sa
193 3459 212 3511 3

113 3530 262 3589 Maximus
276 3528 393 3608 Tyrius,
415 3528 455 3588 46

111 3614 195 3687 μέλει
209 3619 239 3668 et
251 3616 360 3686 μέλλει,
382 3606 422 3666 46

113 3696 185 3768 μίξις
199 3700 229 3748 et
242 3694 323 3765 λέξις,
344 3698 383 3750 54

114 3769 228 3830 Michel
239 3772 417 3850 Apostolius,
433 3778 471 3832 45

156 3851 220 3914 Tib.

661 554 862 632 Numa

662 642 836 712 ναοπὸς,.44

662 728 835 794 νενικηκέναι
843 729 880 783 'et
893 727 1064 794 νενοηκέναι,
1086 730 1127 783 34
1158 756 1164 765 ·

663 805 797 874 Νοααιις,
820 811 858 863 38

801 973 804 977 ’
897 959 927 1022 0

663 1065 690 1101 οι
704 1049 735 1100 et
749 1065 788 1110 αι,
808 1047 839 1100 et
852 1067 879 1114 η,
904 1048 944 1102 38

664 1122 729 1181 ὅλος
741 1131 772 1180 et
786 1121 863 1200 ὄχος,
886 1130 925 1193 17

663 1203 734 1262 ὅλως
746 1209 776 1260 εί
790 1202 872 1279 ὅμως,
887 1209 928 1264 64
1159 1237 1165 1249 ·

664 1283 902 1345 Humoeotelenta
933 1280 999 1343 sons
1029 1279 1165 1340 lacuna·-

704 1382 780 1434 rum,
803 1371 842 1424 52

659 1442 847 1514 Ouosauder,
873 1449 912 1504 38

665 1525 831 1595 ὁπωστιοῦν,
844 1543 904 1582 non
918 1523 1101 1594 άπαποιοῦν,
1114 1527 1166 1586 4⁸.-

665 1602 817 1680 Origenes,
848 1611 884 1664 88

665 1685 712 1742 ὁτὲ
721 1686 862 1761 μὲν-καὶ
875 1688 973 1752 πάλιν,
993 1679 1032 1744 63

666 1767 698 1821 οὗ
712 1772 742 1821 el
758 1764 802 1832 σά,
824 1761 865 1822 46

663 1843 822 1920 Ulpianus,
836 1852 873 1905 83

665 1922 761 1985 οὖνεί
772 1933 854 1999 γοῦν,
878 1932 917 1993 17

665 2171 761 2239 πάλην
774 2175 805 2226 et
819 2169 917 2236 πάλιν,
938 2172 979 2234 70

666 2253 763 2307 πάλιν·
780 2250 825 2304 καὶ
838 2251 927 2306 πάλιν
950 2253 1021 2321 post
1038 2244 1085 2306 άπὲ
1105 2244 1171 2325 μὲν,

707 2339 788 2386 τοῦτο
801 2327 865 2405 μίν,
878 2324 929 2400 68,
948 2333 979 2385 el
991 2329 1097 2398 πάλην,
1108 2333 1168 2396 70·

667 2433 724 2486 παρ
738 2417 768 2466 et
784 2409 849 2488 γὰρ,
872 2413 911 2467 33
950 2442 952 2447 <
1107 2479 1126 2487 Ι,

666 2486 820 2565 παραβολὴ
833 2497 864 2547 et
877 2483 1057 2565 παρεμβολὴ,
1078 2483 1119 2556 69

666 2573 853 2648 παραγγελία
866 2577 897 2628 et
910 2570 1103 2645 προαγγελία,
1117 2571 1159 2635 77

667 2647 849 2729 πάράδειγμα
861 2656 891 2707 et
903 2656 1031 2726 πρᾶγμα,
1051 2653 1089 2706 88
1175 2662 1178 2666 “

667 2733 820 2807 παράθεσις
832 2738 862 2788 et
875 2730 1049 2807 παρένθεσις,
1067 2731 1117 2800 51,
1133 2724 1172 2788 86

666 2810 836 2887 παράλειψις
849 2817 879 2866 et
889 2807 1061 2885 παράληψις,
1082 2815 1102 2868 2

667 2896 808 2967 παράνοια
820 2897 851 2948 et
864 2891 1008 2966 παροινία,
1029 2895 1068 2948 22

666 2967 836 3050 παρεμβολὴ
849 2977 879 3028 et
892 2966 1055 3046 παραβολὴ,
1077 2963 1118 3037 69

667 3054 832 3128 παρένθεσις
846 3057 877 3108 et
890 3052 1051 3187 παράθεσις,
1067 3056 1117 3121 51,
1131 3041 1171 3109 86

603 3141 607 3149 “
667 3128 786 3210 πάροδος
798 3140 827 3189 et
840 3135 922 3208 περίο
940 3153 978 3201 ος,
1000 3136 1038 3190 53

668 3218 803 3290 παροινία
818 3219 848 3269 et
864 3216 1016 3288 παράνοια,
1040 3217 1080 3270 22

667 3292 814 3363 Πασικλῆς
827 3299 858 3351 et
870 3290 1020 3369 Περικλῆς,
1041 3297 1081 3352 32

668 3373 808 3455 ῌερικλῆς
822 3380 851 3430 et
860 3370 1018 3443 Πασικλῆς,
1040 3379 1080 3430 32

669 3453 796 3532 περίοδος
808 3462 838 3510 et
851 3451 980 3530 πάροδος,
1003 3458 1041 3509 53
1192 3514 1194 3518 ,

669 3535 754 3591 Plato
763 3532 925 3610 periphrasi
934 3551 1011 3608 saepe
1017 3531 1118 3602 utitur,
1133 3530 1172 3592 55

667 3613 794 3672 Πλάτων
807 3623 837 3671 et
850 3611 996 3683 Γλαύκων,
1017 3610 1057 3672 56

670 3693 858 3764 Plutarchus,
874 3686 920 3763 16,
940 3690 989 3762 26,
999 3691 1051 3765 36,
1064 3699 1115 3763 41,
1125 3697 1178 3759 43,

712 3772 763 3848 46,
779 3780 827 3850 54,
842 3772 891 3845 69,
908 3772 949 3841 76
1042 3852 1059 3912 ι
