2536 4554
615 267 650 342 ix

110 488 275 557 diogenem
287 496 296 552 ;
312 481 492 557 quaetamen
503 468 639 549 adducit,
661 477 732 530 sunt
746 489 784 530 ex
797 463 857 529 alio
871 463 987 550 οηιοιιι.1
1012 461 1160 529 Meminit

110 578 152 642 qu
197 581 246 636 ue,
260 570 334 640 post
346 557 532 634 Gesnerum,
545 553 711 637 Philippus
728 551 874 616 Labbeas
887 551 919 614 in
934 552 1161 636 Supplemento

111 581 291 706 Xibovae
315 640 526 719 Bibliothecae,
542 641 594 703 abi
614 641 658 703 ait
678 638 818 701 Leonem
834 635 995 731 Allatium,
1018 635 1160 734 Romae,²

108 749 190 790 anno
216 728 306 802 1643,
330 727 461 790 edidisse
481 726 636 790 Tiberium
653 723 831 808 Sophistom
844 732 872 786 et
889 722 968 785 obos
982 721 1018 784 de
1033 720 1072 784 Fi
1095 741 1160 784 uras

113 810 338 877 Grammaticis
359 811 420 876 Gr.
442 809 471 875 et
488 810 562 874 Led.
596 811 724 874 Fatetur
742 809 888 871 Labbeus
903 829 940 868 ea
960 745 1159 902 opossitione

107 909 175 960 tum
195 897 390 960 norrvidisse
416 919 486 960 cum
508 898 565 959 ista
587 896 756 959 scriberet:
772 895 912 955 'necdum
938 894 1012 954 mihi
1036 905 1161 973 cognite

108 994 189 1046 sunt.
215 982 320 1052 Quare
334 982 371 1046 de
384 981 508 1069 Figuris
524 980 747 1049 Grammaticis
759 1001 796 1042 an
806 980 902 1060 egerit
914 976 1060 1040 Tiberius
1071 978 1161 1039 vebs-

108 1081 227 1130 menter
241 1066 386 1130 dabito.⁸
433 1069 524 1132 Forte
544 1065 650 1128 titulus
672 1065 761 1128 fuerit
782 1063 819 1126 de
839 1062 1061 1126 Sodomae-ibus.
1110 1062 1159 1125 De

56 1204 58 1208 ι
105 1153 168 1217 hoc
191 1150 343 1235 opusculo
364 1175 403 1214 an
426 1152 569 1235 loquatur
590 1152 702 1214 Suidas
727 1151 899 1233 incertum3
921 1161 1037 1210 necest
1058 1161 1174 1210 tamea*

108 1235 242 1299 alienum
266 1260 284 1299 a
310 1238 570 1300 verisimilitudine
596 1236 694 1319 egisse
720 1235 882 1298 Tiberium
909 1233 971 1320 aspi
998 1233 1159 1319 σχημάσιιι
1183 1298 1186 1305 ,

106 1327 187 1410 παρὰ
202 1322 380 1406 Δημοσθένει,
396 1319 629 1386 cumscriberet
643 1322 705 1407 regi
721 1317 921 1402 Δημοσθένους.

518 1516 520 1525 ⁴
599 1487 665 1553 111.

280 1567 605 1667 scuoaiasrss
632 1596 994 1666 uaauoasursr

203 1704 239 1764 P.
261 1713 332 1766 385.
370 1705 409 1764 Τ.
431 1715 460 1766 2.
486 1704 649 1764 liberorum
671 1706 850 1766 &oscorum
871 1694 1059 1766 Aldiaomm.

149 1807 282 1893 Διαφέρει
307 1808 335 1870 δὲ
359 1809 499 1892 ἀφήγησις
529 1800 691 1894 διηγήσεως,
717 1806 758 1872 ὅτι
783 1815 799 1883 ἡ
832 1809 883 1890 μὲν
906 1811 1031 1894 διήγησις
1054 1806 1159 1886 tuterit

148 1994 160 2024 ⁸
183 1994 250 2053 Nou
263 2015 299 2052 ex
312 1994 370 2052 alio
384 2013 483 2070 opere,
506 1995 555 2068 sed
570 2015 606 2053 ex
625 2013 660 2052 ea
672 2005 756 2072 parte
774 2016 833 2073 qua
855 1996 967 2055 Galeas
981 1998 1108 2068 carebat,
1128 2006 1160 2060 et

105 2093 143 2133 ex
157 2073 229 2132 locis
245 2074 351 2151 quibus
365 2073 461 2134 adhue
476 2074 545 2134 dum
561 2093 702 2133 caremus.
735 2075 782 2134 Cf.
798 2076 971 2137 Testimouio
985 2079 1040 2135 111.
1056 2079 1107 2137 tv.
1120 2079 1159 2141 V.

146 2148 161 2177 ²
180 2153 227 2211 Ad
241 2155 350 2211 calcem
364 2155 457 2223 operis
473 2154 610 2212 Allatiani
621 2153 661 2228 de
676 2153 819 2213 Mensura
835 2157 1011 2228 Temperiem
1024 2165 1160 2234 typogra-
1185 2192 1188 2198 ·

103 2233 181 2310 phas
196 2231 279 2290 dedit
291 2232 456 2310 catalogum
470 2233 610 2290 librorum
626 2234 724 2291 Allatii
738 2253 805 2291 cunr
820 2236 973 2305 editorum,
994 2243 1056 2293 tum
1069 2236 1161 2296 inedi-¹

103 2319 211 2373 torum.
253 2312 333 2369 Inter
351 2305 538 2370 editos‘num.
552 2330 636 2372 xxv.
655 2322 805 2390 comparet
820 2314 868 2371 hic
882 2313 1003 2372 titulus:
1027 2315 1160 2376 Tiberius

104 2389 256 2468 Sopbistu,
282 2390 478 2458 Herodianus,
504 2390 705 2460 Lesboaactss,
730 2390 886 2461 Ιίοσιοοιιιι,
912 2391 1045 2450 Micbael
1064 2395 1160 2473 Apos-

104 2470 206 2538 tob'us,
226 2475 254 2526 et
268 2462 331 2538 olii,
345 2467 381 2528 ds
394 2469 518 2547 Figuris
534 2469 703 2532 Rhetoricis
712 2471 800 2530 :⁸Gr.
811 2480 840 2531 st
857 2472 926 2530 Lat.
939 2491 1017 2530 auus
1029 2476 1159 2551 primum

105 2547 189 2607 editt.
222 2546 300 2606 [bid.
329 2553 370 2621 (u.
386 2549 501 2619 Romae)
522 2560 745 2611 etorocxeltr.
780 2551 1002 2635 IndeLabbeus
1018 2553 1159 2613 suasorte

105 2628 218 2686 sumsit.
272 2629 358 2686 Hanc
386 2647 454 2686 vero
481 2627 638 2690 editionem
665 2649 814 2704 nunquam
841 2631 983 2689 'exstitisse
1015 2640 1159 2692 testantur
1200 2677 1203 2683 .

104 2708 253 2767 Fabricius
269 2707 346 2765 Bibl.
358 2709 424 2776 Gn,
444 2718 552 2784 praeter
566 2711 664 2770 locum
678 2709 767 2767 inodo
781 2709 922 2780 adlatum,
943 2711 981 2767 T.
996 2709 1027 2768 ii.
1042 2731 1071 2788 p.
1088 2721 1157 2781 872,

102 2787 141 2845 Τ.
155 2787 186 2846 ii.
201 2805 230 2863 p.
247 2796 328 2856 439„
348 2796 380 2844 et
398 2775 595 2846 Valckenarus
609 2789 705 2848 Praef.
719 2788 757 2845 ad
774 2792 905 2846 Ammon.
920 2809 951 2865 p.
965 2797 994 2857 9.
1011 2791 1157 2850 Harlesius

104 2874 201 2925 autem
219 2865 257 2922 ad
272 2866 456 2941 posteriorem
476 2865 600 2924 Fabricii
621 2869 719 2925 locum
740 2867 864 2926 affirmat
880 2869 932 2926 hos
945 2877 1080 2928 auctores
1096 2889 1158 2929 om·
1176 2905 1183 2919 ·

104 2945 173 3002 nino
194 2943 278 3002 fuisse
298 2943 336 3001 ab
354 2944 459 3002 Ailatio
480 2943 583 3010 editos,
604 2956 634 3004 et
653 2945 826 3004 Niceronem
840 2957 943 3006 testem
966 2958 1075 3017 vocat;
1104 2949 1157 3007 sed

104 3023 215 3083 Nicero
229 3023 334 3082 librum
346 3043 403 3081 non
419 3023 539 3092 viderat,
553 3034 586 3094 etv
597 3024 748 3084 Labbeum
767 3027 949 3084 exscribebat
961 3027 1012 3103 qai
1025 3048 1079 3086 nec
1092 3029 1156 3105 ipse

105 3103 228 3163 viderat.
260 3103 304 3160 Ex
315 3103 410 3163 iudice
421 3103 596 3180 scriptorum
612 3124 685 3182 quos
700 3105 825 3163 Allatius
835 3105 864 3163 iu
875 3125 979 3164 novam
987 3105 1156 3187 Συμμίκτων

103 3183 259 3242 editionem
274 3183 404 3260 recipere
418 3183 554 3252 debebat,
569 3193 600 3243 et
612 3204 698 3262 quem
711 3185 739 3242 in
753 3185 849 3261 priore
864 3185 1037 3246 Fabricianae
1048 3188 1157 3247 Biblio-

104 3263 199 3320 thecae
213 3261 347 3331 editioue,
358 3263 394 3320 T.
417 3271 462 3322 14.
477 3264 571 3338 legere
584 3274 639 3334 est,
653 3273 733 3341 patet
745 3265 882 3322 Ailatium
896 3265 1079 3341 supradictos
1094 3267 1157 3325 rhe-

104 3350 180 3399 tores
203 3342 306 3417 quinto
326 3343 429 3400 horum
449 3342 705 3413 Miscellaneorum
726 3344 801 3401 libro
814 3343 982 3414 destinasse,
1001 3355 1032 3403 et
1044 3346 1103 3416 alii,
1123 3355 1157 3405 ut

105 3420 217 3490 inediti,
237 3429 374 3478 notantur
385 3421 530 3494 asterisco,
552 3423 600 3480 alii
621 3443 679 3481 non
701 3430 849 3491 notantur,
864 3432 896 3480 ut
904 3423 968 3498 jam
988 3425 1069 3494 editi,
1082 3425 1156 3484 inter

106 3519 180 3576 quos
190 3507 235 3558 est
247 3499 391 3558 Tiberius.
432 3501 488 3559 Sed
504 3503 532 3559 in
548 3503 683 3561 asterisco
693 3501 878 3578 adpiugendo
889 3503 948 3560 labi
963 3502 1048 3562 facile
1058 3505 1157 3583 potuit

104 3579 311 3714 typographus.
353 3578 504 3656 Quidquid
518 3581 563 3651 sit,
571 3581 747 3641 'Aliatianam
758 3581 917 3640 'editionem
929 3601 1012 3642 nemo
1027 3603 1155 3662 unquam

105 3658 134 3716 vi
158 3657 190 3714 it.
540 3678 550 3689 ¹·

147 3733 159 3767 ³
180 3736 357 3812 Nullusjam
373 3757 435 3796 esse
449 3737 537 3796 debet
549 3737 720 3798 dubitationi
735 3739 828 3798 locus.

145 3814 160 3852 ⁴
179 3816 213 3874 Iu
228 3815 330 3876 codice
344 3817 474 3878 Parisino
485 3825 574 3890 2918,
586 3819 637 3897 qui
648 3819 724 3879 huuc
733 3819 922 3906 Sopoliastem
936 3839 1108 3900 anonymum
1123 3831 1153 3881 et
