2536 4554
102 329 155 401 ιο
250 283 258 303 ’
508 333 758 409 rrnnrroz'

871 498 874 506 ι

106 529 237 623 σχῆμα
253 522 429 611 ιιοιιιιῒνοςι
445 519 528 599 ὅταν
546 524 644 598 κατὰ
659 531 719 597 τοῦ
730 522 831 619 αὑτοῦ
842 522 1049 624 πράγματος
1062 521 1086 619 ἢ
1100 557 1169 602 κοι·

104 650 154 724 τοὶ
173 658 231 722 τοῦ
254 647 473 747 θ’ροκειμένου
495 646 549 723 tto
566 647 680 744 λέξεις
696 645 879 744 γενηθιὸσι·
896 660 994 724 τοῦτο
1011 651 1047 725 li
1063 669 1170 733 πλεο·

105 773 236 871 νοισμθν
250 771 404 869 ὀνομάζει
425 769 570 868 Ἀθίνης·
599 769 700 847 (τότε
713 768 754 864 δὴ
774 772 840 875 καί
860 775 958 849 κατὰ
974 774 1031 849 τὸν
1048 775 1170 874 καιρὸν
1216 844 1223 858 ,

105 897 251 972 ἐκεῖνον’
267 893 404 994 θάτερον
419 899 491 997 γὰρ
508 896 636 972 τοιίτιυν
650 901 753 971 εἰπεῖν
765 893 911 995 ἐξήρκει.
964 899 1037 973 Καὶ
1065 905 1171 994 ὃΔη·

104 1019 282 1122 μυτθέιης·
305 1017 496 1114 ’ἐφοβήθης
512 1025 573 1096 ἀν·
589 1059 597 1078 ·
615 1051 699 1095 ··οιν
712 1022 813 1110 οὐδεὶς
824 1018 989 1116 ἤψατοῖί
1006 1023 1081 1115 Καί
1098 1025 1169 1100 ποί·

105 1136 163 1222 λιι
175 1150 210 1221 ἐν
225 1153 297 1234 τοῖς
316 1149 551 1233 Φιλιππικοῖς·
579 1146 660 1220 ‘uoti
677 1143 888 1243 γινώσκεται
902 1148 913 1186 ³
938 1148 1004 1247 μὶν
1014 1143 1080 1224 ὀπί
1095 1157 1169 1224 τῶν

72 1443 73 1446 ’
104 1414 192 1480 andr.
203 1411 298 1476 Rhet.
309 1411 341 1476 ii.
353 1413 395 1477 6.·
417 1408 514 1475 Nunc
526 1409 610 1493 apud
659 1409 698 1474 tat
709 1411 739 1489 θη
758 1409 808 1472 καί
827 1410 989 1483 ἐπιπόλαιον
1002 1409 1085 1491 μόνον
1105 1408 1170 1498 ἔχει

105 1498 333 1573 Quintilianum
344 1498 387 1562 ix.
402 1503 433 1560 3.
468 1495 610 1578 Spaldiu-
658 1499 707 1574 τὴν
721 1495 926 1578 Δημοσθενικίην
939 1499 1040 1582 ἀρετὴν
1056 1497 1106 1560 καί
1117 1501 1169 1561 οὐκ

88 1586 173 1669 ·gius
198 1573 336 1668 reposuit
357 1581 530 1664 συνωνυμίαν
553 1604 610 1665 pro
660 1581 849 1667 ἐφικνουμένην
863 1589 912 1646 τοῦ
932 1581 1045 1662 βάθους.
1075 1635 1077 1639 ,
1101 1582 1169 1648 Ρτο

103 1670 258 1751 κοινωνίαν,
280 1693 344 1735 non
362 1669 427 1734 sine
442 1667 611 1751 probabili·
658 1669 734 1750 μίξει
750 1670 828 1732 forte
847 1667 1012 1752 legendum
1035 1670 1168 1754 μιμῆσιι.

103 1769 168 1823 tate
191 1758 334 1844 quadam.
379 1755 488 1820 Habet
506 1767 608 1818 tamen
661 1754 742 1819 Hae'c
756 1755 898 1820 confusio
913 1753 1076 1829 ,literarum
1101 1769 1171 1820 net

66 1896 69 1900 .
102 1845 247 1910 κοινωνίαν
271 1860 334 1930 quo
360 1865 392 1906 se
413 1852 543 1919 tueatur,
563 1840 610 1924 ip—
659 1868 693 1923 μ,
707 1863 768 1927 qua
782 1838 857 1919 λέξις
880 1854 912 1904 et
936 1840 1014 1922 μίξις
1034 1842 1170 1927 ἰιυυίοθιμ

103 1953 235 2016 sumque
251 1929 400 2016 Aquilam
416 1949 509 2012 quern
521 1925 611 2010 Spal·
660 1940 881 2012 permutantur,
904 1939 936 1991 et
954 1928 993 1991 de
1008 1952 1071 2014 qua
1088 1928 1170 1993 Bas·

103 2017 225 2102 diugius
239 2015 400 2097 invocavit.
448 2011 564 2097 Aqulla
578 2036 610 2075 e·
661 2013 720 2077 tius
735 2012 798 2096 egit
822 2012 851 2075 in
869 2012 994 2076 Comm.
1012 2013 1190 2100 Palaeogr.·

101 2105 168 2167 nim
183 2127 208 2167 s.
219 2110 287 2167 38.;
316 2099 519 2188 Synonymiu,
531 2121 611 2162 com·
660 2123 692 2182 p.
709 2108 783 2169 723.
799 2122 849 2162 me
864 2098 950 2163 ducit
969 2102 1008 2163 ad
1023 2103 1171 2164 emenda-

41 2193 50 2220 ‘
103 2188 364 2253 muniouomiuia.
660 2184 777 2248 tionem
811 2184 873 2248 loci
906 2184 1085 2251 Plutarchei
1117 2187 1171 2253 De

150 2273 367 2357 *Legendum
398 2283 475 2356 puto
505 2268 610 2334 Καικί-
659 2269 743 2333 And.
780 2271 873 2336 Poet.
911 2295 942 2354 p.
969 2280 1023 2336 30.
1055 2272 1171 2338 Krebs.

104 2355 609 2445 hros‚utsupra:cf.uot.ads.26.
659 2362 753 2420 ταῦτα
781 2362 842 2447 γάρ
868 2357 978 2432 ἐκείνοις
1010 2358 1062 2440 μέν
1092 2363 1171 2425 ἐστιν

104 2444 192 2512 Mox
205 2469 269 2512 non
282 2444 419 2509 dubitavi
433 2441 523 2521 λέξεις
538 2442 610 2504 scri·
660 2447 820 2524 ὑπεναντία,
843 2444 950 2523 βελτίω
975 2447 1003 2510 δὲ
1027 2444 1103 2527 ίμυις
1119 2447 1169 2509 καί

103 2537 181 2598 here
205 2555 264 2616 pro
289 2533 379 2614 μίξεις
401 2530 486 2614 quod
518 2529 612 2591 habet
657 2531 875 2617 χρησιμώτερα.
919 2532 1117 2596 Aduerbium
1143 2530 1173 2595 ί-

107 2619 222 2683 codex?
252 2616 326 2680 Nec
341 2615 446 2698 placet
465 2612 611 2699 γενηθῶσι.
660 2640 720 2695 μσς
736 2615 928 2682 'senteutiam
966 2617 1108 2702 impedit,
1140 2633 1172 2683 et

100 2702 246 2768 'Memini
259 2701 323 2766 loci
344 2700 503 2786 cujusdam
524 2699 613 2762 scho-
661 2703 750 2764 abest
772 2705 811 2765 ab
836 2699 954 2786 aliquot
978 2704 1066 2768 libris
1095 2728 1170 2769 cum

102 2787 204 2855 liastae
234 2785 454 2872 Hermogenis,
482 2795 505 2848 t.
528 2784 560 2848 ii.
579 2805 611 2866 p.
662 2785 751 2849 editis
778 2801 844 2851 tum
869 2787 1001 2853 ineditis.
1060 2779 1173 2855 Mutass

105 2885 186 2942 415.
223 2876 277 2940 ubi
309 2874 385 2956 μίξει
423 2873 456 2935 in
498 2872 612 2934 mendo
661 2873 745 2936 tione
760 2873 905 2937 facillima
917 2875 942 2937 si
953 2875 1074 2959 legatur
1086 2873 1170 2956 ίλυις,

109 2963 225 3037 cubare
246 2960 375 3025 uidetur.
422 2957 512 3021 Dicit
527 2956 612 3021 Her·
662 2959 737 3020 nihil
747 2961 816 3044 jam
831 2960 888 3023 erit
903 2961 1062 3025 salebrosi.
1143 2988 1148 3008 ι

105 3067 257 3132 mogenes
291 3047 330 3108 de
365 3045 473 3109 Form.
511 3043 546 3107 ii.¹
578 3067 610 3126 p.
705 3041 865 3108 ²Locum
891 3046 935 3109 sic
958 3048 1114 3130 „scriptum
1139 3048 1170 3112 in

105 3142 183 3207 495.
203 3130 395 3195 Dinarchum
419 3127 612 3213 ἐμφαινόμενον
662 3129 862 3193 codicefauile
872 3132 1021 3210 restituet,
1032 3133 1088 3218 qui
1100 3136 1170 3197 fou-

105 3219 185 3308 ἵχειν
206 3215 280 3280 πολιί
303 3241 332 3279 τι
350 3216 383 3278 τί
400 3215 611 3294 Δημοσθενικθν,
662 3225 722 3276 tem
737 3215 884 3296 invenerit
898 3221 978 3283 unde
991 3219 1052 3282 fuit
1077 3219 1170 3284 aTi-

78 3296 155 3372 'tut
177 3303 216 3373 τί
235 3301 332 3387 τραχὺ
361 3301 409 3363 καί
433 3299 538 3385 γοργὸν
562 3302 611 3361 καί
662 3300 746 3363 herio
757 3301 898 3380 haustus:
921 3305 1067 3391 equidem
1080 3294 1169 3391 repe·
1200 3336 1204 3344 ·

107 3390 240 3479 σφοδρὸν,
253 3384 320 3451 ὥστ’
332 3386 380 3463 ἤδη
388 3387 458 3460 τινὲς
468 3385 546 3446 καίτ
565 3409 612 3448 οσ-
661 3383 720 3446 rire
736 3409 797 3449 uon
812 3387 911 3470 potui.

107 3476 252 3557 παίζοντες
272 3473 357 3536 atriu
376 3475 440 3558 οὐκ
457 3410 611 3556 οἰχαρίτυις
704 3471 716 3507 ³
740 3471 792 3534 Ad
823 3473 961 3558 Philippi
995 3475 1101 3561 Epist.
1136 3503 1167 3563 p.

107 3563 224 3654 κρίθινον
261 3555 436 3638 Δημοσθένην
472 3557 610 3643 εἰρήκασι.
664 3563 736 3635 153,
761 3566 792 3628 7.
821 3560 860 3623 R.
906 3559 1013 3623 Locus
1037 3577 1095 3644 est,
1118 3563 1168 3628 vel

92 3650 162 3716 'Ad
178 3667 246 3731 quae
265 3641 473 3706 scholiastes:
497 3640 611 3729 κρίθινον
659 3643 816 3708 memoriae
840 3644 958 3708 Tiberii
985 3644 1088 3730 lapsu,
1118 3649 1169 3714 vel

108 3732 254 3801 τουτέστιν
279 3727 359 3807 νθθον,
386 3730 417 3791 οὔ
442 3726 556 3790 σίτινον·
580 3730 609 3788 οὐ
659 3727 773 3792 incuria
790 3729 999 3810 describentis,
1016 3736 1098 3798 male
1114 3739 1168 3800 ad·
1198 3774 1200 3778 ·

108 3827 168 3909 γὰρ
193 3814 303 3891 δεόντως
324 3819 434 3902 χρῆται
462 3816 496 3897 τῇ
523 3810 609 3891 μίξει,
659 3813 769 3903 fectus.
804 3815 856 3879 Cf.
874 3814 1102 3884 Demosthenes
1119 3822 1168 3906 ip·

111 3907 189 3973 κατὰ
201 3904 229 3969 ll
243 3903 275 3968 ri
296 3899 466 3990 τάρατυχόν
483 3905 608 3982 μᾶλλον·
659 3919 701 3962 se.
738 3897 826 3966 Idem
835 3900 1013 3988 exemplum
1025 3908 1168 3973 *adfertur
