2536 4554
219 822 550 936 unruoa
597 837 1010 932 Lueruuo
1125 786 1127 791 ’
1205 779 1209 784 “

377 1059 379 1064 ’
494 1062 746 1092 *Qu-

88 1219 204 1296 Casu
239 1223 286 1295 ad
321 1219 505 1296 Tiberium
539 1217 588 1292 fui
620 1219 768 1305 delatus,
795 1214 954 1313 nihilque
988 1239 1149 1315 uuquam

88 1346 205 1421 minus
223 1345 384 1445 cogitavi,
412 1370 518 1440 quam
541 1367 599 1414 me
617 1343 720 1439 hujus
738 1342 813 1414 fore
839 1341 1018 1439 scriptoris
1040 1341 1151 1416 edito·
1213 1378 1218 1385 ·

28 1544 31 1548 ,
88 1490 174 1543 rem.
229 1467 271 1541 In
292 1466 426 1543 Codice
446 1466 623 1542 Vaticano
638 1471 724 1554 483,
753 1491 859 1562 quern
876 1453 1151 1562 aliud'quaerens

89 1596 309 1684 evolvebam,
336 1592 453 1675 inveni
481 1591 616 1667 Tiberii
640 1587 850 1692 Σχήματας
879 1606 925 1680 et,
943 1607 1037 1664 'cum
1056 1592 1154 1665 volu·

90 1719 197 1792 issem
216 1719 427 1792 conferendo
445 1717 596 1816 experiri
621 1742 706 1790 num
736 1729 852 1790 essent
870 1696 972 1789 editis
989 1716 1155 1791 emenda-

91 1843 193 1932 tiora,
222 1867 293 1914 non
322 1832 397 1914 sine
421 1843 575 1937 quadam
602 1823 783 1935 voluptate
808 1841 906 1936 (nam
937 1850 1007 1913 n'on
1024 1854 1158 1931 parent

95 1981 215 2039 nostra
231 1965 349 2038 studia
364 1962 560 2060 voluptate)
584 1963 810 2038 animadverti
841 1963 1022 2038 Tiberium
1051 1991 1158 2039 manu
1219 1962 1222 1966 ⁴

94 2089 264 2185 seriptum
283 2088 392 2184 duplo
408 2089 576 2184 majorem
594 2113 671 2162 esse
687 2115 797 2185 quam
812 2089 945 2162 editum
962 2089 1155 2180 Tiberium,

96 2227 132 2286 et
147 2214 292 2285 alteram
308 2225 458 2308 partem,
487 2239 560 2308 qua
582 2211 727 2309 Figuras
757 2211 976 2286 Elo'cutionis
1002 2215 1157 2310 exponit,

96 2335 217 2410 ,Galeo
252 2338 413 2427 defuisse,
443 2336 556 2430 primo
587 2339 696 2432 hujus
720 2336 798 2409 libri
831 2337 965 2424 editori,
993 2364 1159 2413 necnon

100 2461 268 2535 Tischero
285 2459 345 2556 qui
364 2458 564 2532 Galeanam
584 2445 951 2550 Editionem'iteravit,
980 2462 1161 2562 indiligen-

99 2599 152 2658 ter
169 2583 315 2656 nimium
334 2598 370 2658 et
386 2583 580 2658 incuriose:
608 2584 737 2658 etenim
756 2585 922 2659 immania
934 2587 1091 2684 priorum
1109 2602 1163 2686 ty·

100 2705 359 2809 pographorum
377 2723 523 2805 peccata
550 2709 677 2804 saepius
705 2723 864 2806 repetere
890 2735 960 2797 non
978 2712 1160 2788 dubitavit.

103 2834 172 2908 Sed
191 2833 374 2906 Tiberium
391 2834 565 2929 integrum
591 2834 729 2913 babere
751 2833 836 2906 nihil
854 2847 940 2924 erat,
968 2835 1033 2910 nisi
1050 2850 1087 2910 et
1104 2837 1164 2910 alii

102 2961 283 3031 haberent.
337 2955 431 3056 Ergo
461 2981 519 3030 me
547 2956 592 3028 ad
624 2954 814 3031 editionem
842 2936 1002 3049 adcinxi5
1029 2974 1066 3034 at
1095 2962 1164 3047 levi

102 3111 209 3158 manu
225 3107 299 3156 rem
318 3081 456 3182 peregi:
484 3107 566 3154 narn
596 3108 667 3156 nou
684 3095 737 3154 est
754 3080 916 3156 Tiberius
935 3084 964 3156 is
983 3098 1115 3175 auctor,
1143 3112 1166 3159 a

104 3211 204 3306 eujus
219 3207 355 3281 editore
372 3208 521 3278 multum
535 3219 744 3302 ‘exspectent
770 3207 931 3281 lectores.
985 3208 1166 3285 Galeanas

105 3332 364 3407 observationes
395 3332 537 3419 servavi,
570 3342 608 3404 et
632 3331 822 3404 identidem
852 3331 992 3406 Claudii
1025 3331 1167 3433 Cappe·

106 3456 255 3530 ronnerii
274 3455 422 3551 adposui
447 3457 595 3545 notulas,
624 3481 645 3528 a
668 3481 725 3528 me
742 3456 935 3551 descriptas
952 3483 996 3530 ex
1013 3460 1168 3558 margine

108 3578 262 3676 exempli
293 3579 519 3663 Oxoniensis,
549 3582 657 3676 quod,
686 3582 862 3676 postlata
891 3583 953 3654 viri
984 3589 1168 3683 ρητορικω·

106 3704 227 3793 reiron,
256 3705 292 3776 in
324 3703 577 3778 Bibliotheeam
599 3704 747 3802 Regiam
780 3705 976 3780 Parisinam
996 3711 1167 3808 migravit

111 3829 194 3904 Hoc
224 3828 350 3902 eodem
384 3831 546 3926 exemplo
582 3855 665 3905 usus
700 3842 754 3904 est
789 3829 1033 3923 Schneiderus,
1062 3850 1169 3935 atque

212 3957 289 4034 Tib.
572 4010 575 4026 ·
995 3965 1070 4040 Aa
