2536 4554
418 440 743 521 'svi‚

103 660 185 736 iride
218 659 342 734 sumsit
372 684 460 756 quas
488 658 587 734 dedit
618 661 663 734 ad
696 659 920 737 Demetrium
952 662 1172 759 phalereum*

102 784 380 884 Cupperonnerii
411 786 748 868 emendatiunculus.
802 787 980 864 Preterea
1007 792 1168 866 locorum
1246 766 1248 772 ¹

101 936 124 983 a
139 908 284 984 Tiberio
300 911 535 1024 exeitatorum
565 911 679 983 fontes
707 935 815 1006 quam
846 912 946 1007 potui
974 913 1169 1014 diligentis-

103 1035 190 1110 sime
225 1033 386 1124 indieavi,
430 1033 687 1131 varietatesque
721 1032 897 1118 Codicum
931 1036 1099 1112 Vaticani
1133 1053 1171 1114 et

104 1157 256 1232 Parisini
274 1165 372 1239 2918
390 1157 550 1232 enotavi:
577 1183 597 1233 e
615 1159 740 1256 priore,
769 1184 849 1233 curn
867 1162 1025 1239 maxima
1041 1165 1172 1238 seduli-

105 1295 198 1373 tate3
224 1263 466 1379 eposteriore3
492 1281 558 1380 qui
586 1284 697 1362 altera
723 1263 825 1380 parte
843 1266 947 1376 caret,
976 1313 1047 1361 non
1065 1289 1170 1367 nimis

106 1393 232 1520 enrie:
259 1432 341 1480 narn
358 1407 430 1481 fere
448 1402 529 1480 eum
547 1404 711 1482 Galeena
728 1411 931 1508 conspirare
948 1394 1142 1488 videbatur.

126 1607 285 1682 -Parem
311 1608 346 1680 in
378 1606 476 1682 Rufo
505 1609 643 1684 edendo
670 1610 842 1683 rationem
872 1613 979 1686 tenui.
1033 1613 1170 1690 Rufum

107 1734 252 1808 dederat
272 1733 362 1806 elim
393 1732 537 1806 Tiberio
567 1734 733 1823 comitem
767 1732 917 1827 Galeus,
944 1737 1007 1809 sed
1032 1726 1172 1839 vanony-

106 1885 215 1935 mum.
256 1856 455 1956 scriptoris
485 1882 615 1932 nomen
633 1861 819 1933 commode
845 1863 972 1935 obtulit
983 1863 1082 1952 ¹idem
1109 1864 1170 1939 ille

106 1986 239 2084 Regius
264 1985 364 2075 liber.
417 1981 558 2056 Inventi
584 1983 735 2058 nominis
753 1986 893 2060 fortuna
911 1985 1007 2062 Rufo
1024 1990 1168 2084 profuit.

70 2195 72 2200 1
107 2109 231 2195 Quem
248 2133 462 2207 anonymum
491 2109 607 2182 adhuc
633 2110 742 2182 latere
769 2110 926 2183 sivissem
943 2111 979 2182 in
1006 2108 1113 2184 Galei
1131 2128 1170 2186 et

108 2233 262 2309 Fischeri
278 2232 416 2323 libellis,
433 2235 510 2330 jam
535 2233 640 2322 volui,
674 2248 881 2330 recuperato
896 2234 1049 2324 nomine,
1078 2240 1169 2332 pub·

104 2362 182 2436 licre
212 2360 345 2435 notitiae
370 2361 449 2432 luce
475 2360 615 2448 donare,
644 2371 681 2433 et
704 2358 771 2456 ipsi
802 2384 912 2434 novus
940 2362 1040 2458 quasi
1069 2376 1171 2458 pater

104 2488 263 2561 existere.
318 2475 446 2556 Meum
463 2482 558 2554 enirn
574 2486 739 2556 movebat
767 2475 924 2559 animurrr
951 2471 1062 2560 saturn
1080 2489 1170 2561 illud

100 2610 204 2712 triste
239 2608 344 2705 quod!
370 2605 437 2703 ipsi
464 2630 592 2678 nomen
623 2605 803 2694 inviderat,
831 2589 869 2681 et
900 2611 1058 2700 alteram,
1086 2628 1170 2708 post

64 2720 66 2724 Α
104 2749 264 2824 mortem,
295 2746 444 2808 mortem
473 2732 649 2804 attulerat.
703 2729 787 2806 Nec
816 2745 934 2808 tamen
963 2738 1099 2830 paterni
1116 2741 1169 2812 af·

105 2864 217 2938 fectus
225 2864 361 2958 justum
380 2882 457 2931 esse
474 2881 531 2930 me
539 2856 699 2954 judicem
717 2857 925 2955 impediunt,
944 2874 980 2935 et
997 2865 1170 2958 quamsit

104 2986 220 3060 tenuis
237 3008 336 3057 meus
354 2983 412 3054 ille
431 2979 548 3054 Rufus
565 2982 699 3078 optime
714 2982 881 3081 intelligo.

102 3250 108 3290 Ξ
157 3181 229 3256 Hic
247 3182 353 3255 finem
371 3180 544 3276 proefandi
574 3179 725 3273 feciam3
750 3205 833 3253 nam
863 3182 908 3254 de
924 3178 1068 3258 Tiberio
1086 3212 1166 3282 quse

102 3311 194 3396 scire
212 3311 301 3384 sorte
329 3307 428 3402 cupis
452 3305 673 3380 Testimonia
701 3332 723 3378 a
748 3330 805 3378 me
826 3308 974 3382 collecta
1003 3321 1038 3383 te
1061 3311 1167 3386 doce·

104 3440 204 3513 bunt.
257 3433 318 3506 De
336 3431 434 3505 Rufo
452 3444 582 3522 autem,
609 3442 737 3526 praeter
752 3408 895 3524 numen,
916 3433 1001 3535 nihil
1018 3436 1110 3509 novi.

80 3696 82 3701 ¹
206 3608 409 3699 Pssusrrs,
440 3605 496 3681 M.
513 3606 624 3682 Juiio.
645 3628 878 3689 uncucxrv.
